<?xml version="1.0" encoding="UTF-8"?><collection xmlns="http://www.loc.gov/MARC21/slim"><record><leader>00502nam--2200181-i-4500</leader><controlfield tag="001">000029705</controlfield><controlfield tag="002">20161230</controlfield><controlfield tag="005">20161230201037</controlfield><controlfield tag="008">060222s1000------------r-----000-0-eng-d</controlfield><datafield ind1=" " ind2=" " tag="040"><subfield code="a">IFIN-HH</subfield></datafield><datafield ind1=" " ind2=" " tag="080"><subfield code="a">535.33(061.3):621.375.826(061.3)</subfield></datafield><datafield ind1="1" ind2=" " tag="100"><subfield code="a">Brewer, Richard G</subfield></datafield><datafield ind1=" " ind2=" " tag="245"><subfield code="a">Laser spectroscopy</subfield><subfield code="c">RICHARD G. BREWER; ARAM MOORADIAN (Eds.)</subfield></datafield><datafield ind1=" " ind2=" " tag="260"><subfield code="a">LONDON</subfield><subfield code="b">Plenum Press</subfield><subfield code="c">1973</subfield></datafield><datafield ind1=" " ind2=" " tag="300"><subfield code="a">XI + 671P</subfield></datafield><datafield ind1="1" ind2=" " tag="700"><subfield code="a">Mooradian, Aram</subfield></datafield><datafield ind1=" " ind2=" " tag="852"><subfield code="a">42731</subfield><subfield code="c">535.33</subfield></datafield><datafield ind1=" " ind2=" " tag="CAT"><subfield code="a">Sys</subfield><subfield code="c">20101206</subfield><subfield code="h">162006</subfield></datafield></record></collection>